@Book{Matthews2000,
    author =    "G. G. Matthews ",
    title =     "Neurobiologia od czasteczek i komórek do układów.",
    publisher = "Wydawnictwo Lekarskie PZWL",
    year =      2000,
    address =   "Warszawa"
}

@Book{Traczyk2007,
    author =    "Władysław Z. Traczyk ",
    title =     "Fizjologia człowieka w zarysie",
    publisher = "Wydawnictwo Lekarskie PZWL",
    year =      2007,
    address =   "Warszawa"
}

@manual{specfikacjaNeurostim512,
  title        = {Generation of stimulation control signals in Neurostim512 system},
  author       = {Paweł Hottowy}, 
  organization = {Akademia Górniczo-Hutnicza im. Stanisława Staszica w Krakowie},
  edition      = 1,
  month        = 10,
  year         = 2014,
}

@manual{specyfikacjaSTIM64,
  title        = {Specification of
STIM64 IC},
  organization = {Akademia Górniczo-Hutnicza im. Stanisława Staszica w Krakowie},
  edition      = 2,
  month        = 7,
  year         = 2005,
}

@article{Merrill2005,
 author ={Daniel R. Merrill and Marom Biksonb and John G.R. Jefferysc},

  title   = {Electrical stimulation of excitable tissue: design of
efficacious and safe protocols},
  journal = {Journal of Neuroscience Methods},
  year    = 2005,
  month	  = 2,
  number  = 2,
  pages   = {171–198},
  volume  = 141
}

@article{Hottowy2008,
 author ={Pawel Hottowy and Władysław Dąbrowski and Andrzej Skoczeń and others},

  title   = {An integrated multichannel waveform generator for large-scale spatio-temporal stimulation of neural tissue},
  journal = {Analog Integrated Circuits and Signal Processing},
  year    = 2008,
  month	  = 7,
  number  = 3,
  pages   = {239-248},
  volume  = 55
}

@article{Hottowy2012,
 author ={Paweł Hottowy and Andrzej Skoczeń and Deborah E Gunning and others},

  title   = {Properties and application of a multichannel integrated circuit for low-artifact, patterned electrical stimulation of neural tissue},
  journal = {Journal of neural engineering},
  year    = 2012,
  month	  = 7,
  number  = 6,
  volume  = 9,
  pages	  =	{066005}
}

@article{Litke2004,
 author ={A. M. Litke and N. Bezayiff and E. J. Chichilnisky and others},

  title   = {What Does the Eye Tell the Brain?: Development of a System for the Large-Scale Recording of Retinal Output Activity},
  journal = {IEEE Transaction on Nuclear Science},
  year    = 2004,
  month	  = 7,
  number  = 4,
  volume  = 51,
  pages	  =	{1434–1440}
}


@article{Jepson2013,
 author ={Lauren H. Jepson and Paweł Hottowy and  Keith Mathieson and others},

  title   = {Focal electrical stimulation of major ganglion cell types in the primate retina for the design of visual prostheses},
  journal = {The Journal of Neuroscience},
  year    = 2013,
  month	  = 7,
  number  = 17,
  volume  = 33,
  pages	  =	{7194-7205}
}




@article{Jepson2014b,
 author ={Lauren H. Jepson and Pawel Hottowy and Geoffrey A. Weiner and others},

  title   = {High-Fidelity Reproduction of Spatiotemporal Visual Signals for Retinal Prosthesis},
  journal = {Neuron},
  year    = 2014,
  month	  = 7,
  number  = 1,
  volume  = 83,
  pages	  =	{87-92}
}





@article{Sekirnjakv2006,
 author ={Chris Sekirnjakv and Paweł Hottowy and  Alexander Sher and others},

  title   = {Electrical Stimulation of Mammalian Retinal Ganglion Cells With Multielectrode Arrays},
  journal = {The Journal of Neuroscience},
  year    = 2006,
  month	  = 1,
  number  = 1,
  volume  = 95,
  pages	  =	{3311–3327}
}


@article{Sher2007,
 author ={Alexander Sher and E.J. Chichilnisky and  Władysław Dąbrowski and others},

  title   = {Large-scale multielectrode recording and stimulation of neural activity},
  journal = {Nuclear Instruments and Methods in Physics Research A},
  year    = 2007,
  month	  = 1,
  number  = 2,
  volume  = 579,
  pages	  =	{895-900}
}

@article{Dowling1966,
 author ={J. E. Dowling and B. B. Boycott},

  title   = {Organization of the Primate Retina: Electron Microscopy},
  journal = {Proceedings of the Royal Society of London. Series B, Biological Sciences},
  year    = 1966,
  month	  = 1,
  number  = 1002,
  volume  = 166,
  pages	  =	{80-111}
}

 @conference{Dacey1994,
  author       = {D. M. Dacey}, 
  title        = {Physiology, morphology and spatial densities of identified ganglion cell types in primate retina},
  booktitle    = {Higher - Order processing in the visual system},
  year         = 1994,
  pages        = {63-70},
  organization = {Ciba Foundation Symposium 184}
}


@article{Brown2008,
 author ={Edgar A. Brown and James D. Ross and
Richard A. Blum, and others},

  title   = {Stimulus-Artifact Elimination in a
Multi-Electrode System},
  journal = {IEEE Transaction on Nuclear Science},
  year    = 2008,
  month	  = 3,
  number  = 1,
  volume  = 2,
  pages	  =	{10-21}
}


@article{Winchman2000,
 author ={Thomas Winchman},

  title   = {SA digital averaging method for the removal of stimulus
artifacts in neurophysiologic experiments},
  journal = {The Journal of Neuroscience},
  year    = 2000,
  month	  = 3,
  number  = 1,
  volume  = 98,
  pages	  =	{57-62}
}


@article{Wagenaar2002,
 author ={D. Wagenaar and SM.Potter SM},

  title   = {Real-time multi-channel stimulus artifact
suppression by local curve fitting},
  journal = {The Journal of Neuroscience},
  year    = 2002,
  month	  = 3,
  number  = 1,
  volume  = 120,
  pages	  =	{113-120}
}


@phdthesis{phdthesisHottowy2006,
  author       = {Paweł Hottowy}, 
  title        = {Opracowanie modelu matryc mikroelektrodowych oraz układu scalonego do elektrycznej stymulacji żywych sieci neuronowych. },
  school       = {Akademia Górniczo-Hutnicza im. Stanisława Staszica w Krakowie},
  year         = 2006
}


@conference{MEA2008,
  author       = {Paweł Hottowy and Władysław Dąbrowski and Sargei Kachiguine and others}, 
  title        = {An MEA-based System for Multichannel, Low Artifact
Stimulation and Recording of Neural Activity},
  booktitle    = {Proceedings MEA Meeting 2008},
  year         = 2008,
  pages        = {261-265},
  address      = {Reutlingen, Germany},
  month        = 7,
  organization = {6th International Meeting on Substrate-Integrated Micro Electrode Arrays}
}

@conference{MEA2006a,
  author       = {Paweł Hottowy and Władysław Dąbrowski and Andrzej Skoczeń}, 
  title        = {Stimchip - a multichannel ASIC for programmable in
real time stimulation of neural cells using MEAs},
  booktitle    = {Proceedings MEA Meeting 2006},
  year         = 2006,
  pages        = {184-185},
  address      = {Reutlingen, Germany},
  month        = 7,
  organization = {5th International Meeting on Substrate-Integrated Micro Electrode Arrays}
}

@conference{MEA2006b,
  author       = {Paweł Gryboś and Władysław Dąbrowski and  Paweł Hottowy and others}, 
  title        = {NEUROPLAT64 - low noise CMOS integrated circuit for neural recording applications},
  booktitle    = {Proceedings MEA Meeting 2006},
  year         = 2006,
  pages        = {208-209},
  address      = {Reutlingen, Germany},
  month        = 7,
  organization = {5th International Meeting on Substrate-Integrated Micro Electrode Arrays}
}

@article{Shepherd2013,
 author ={Robert K. Shepherd and Mohit N. Shivdasani and David A. X. Nayagam and others},

  title   = {Visual protheses for the blind},
  journal = {Trends in Biotechnology},
  year    = 2013,
  month	  = 7,
  number  = 10,
  volume  = 31,
  pages	  =	{562-571}
}


@article{Zrenner2011,
 author ={Eberhart Zrenner and  Karl Ulrich Bartz-Schmidt and  Heval Benav and others},

  title   = {Subretinal electronic chips allow blind patients to read letters and
combine them to words},
  journal = {Proceedings of the Royal Society B},
  year    = 2011,
  month	  = 5,
  number  = 1711,
  volume  = 278,
  pages	  =	{1489-1497}
}


@article{Zrenner2002,
 author ={Eberhart Zrenner},

  title   = {Will retinal implants restore vision?},
  journal = {Science},
  year    = 2002,
  month	  = 8,
  number  = 5557,
  volume  = 295,
  pages	  =	{1022–1025}
}

@article{Freeman2011,
 author ={Daniel K Freeman and Joseph F Rizzo and Shelley I Fried},
  title   = {Encoding visual information in retinal ganglion cells with prosthetic stimulation},
  journal = {Journal of neural engineering},
  year    = 2011,
  number  = 6,
  volume  = 8,
  pages	  =	{035005}
}


@article{Stingzl2013,
 author ={Katarina Stingzl and Karl Ulrich Bartz-Schmidt and Dorothea Besch and others},

  title   = {Artificial vision with wirelessly powered subretinal electronic implant alpha-IMS},
  journal = {Proceedings of the Royal Society of London. Series B, Biological Sciences},
  year    = 2013,
  number  = 1757,
  volume  = 280 ,
  pages	  =	{20130077}
}

@article{Chichilnisky2001,
 author ={E. J. Chichilnisky},

  title   = {A simple white noise analysis of neuronal light responses},
  journal = {Network: Computation in Neural Systems},
  year    = 2001,
  number  = 2,
  volume  = 12 ,
  pages	  =	{199-213}
}

@article{Thomas1972,
 author ={ C. A. Thomas and P. A. Springer and G. E. Loeb and others},

  title   = {A miniature microelectrode array to monitor the bioelectric
activity of cultured cells},
  journal = {Experimental cell research},
  year    = 1972,
  number  = 1,
  volume  = 74 ,
  pages	  =	{61-66}
}


