@Book{Hecht,
    author 		= "E. Hecht ",
    title 		= "Optyka.",
    publisher 	= "Wydawnictwo Naukowe PWN",
    year		= 2012,
    address 	= "Warszawa",
    isbn		= "9788301171056"
}

@Book{PBRT,
	author		= "M. Pharr and G. Humphreys",
	title		= "Physically Based Rendering - From Theory to Implementation.",
	edition		= 2,
	publisher	= "Morgan Kaufmann",
	year		= 2010,
	address		= "Burlington",
	isbn		= "978-0-12-375079-2"
}

@Book{RTFTGU,
	author		= "K. Suffern",
	title		= "Ray Tracing from the Ground Up .",
	publisher	= "A K Peters/CRC Press",
	year		= 2007,
	address		= "Wellesley, Massachusetts",
	isbn		= "978-1568812724"
}
@manual{OPENGL46,
	title		= "The OpenGL\textsuperscript{\textregistered} Graphics System: A Specification",
	author		= "M.Segal and K. Akeley",
	month		= "lipiec",
	year		= 2017,
	organization= "Khronos Group"
}
@inproceedings{Appel,
	author		= "A. Appel",
	title		= "Some techniques for shading machine renderings of solids"
	booktitle = "AFIPS Conference Proc.",
	year = 1968,
	url = http://graphics.stanford.edu/courses/Appel.pdf
}

@online{PerspectiveMatrix,
	title		= "Wyprowadzenie macierzy rzutu perspektywicznego",
	url			= "https://www.scratchapixel.com/lessons/3d-basic-rendering/perspective-and-orthographic-projection-matrix/building-basic-perspective-projection-matrix"
}

@Book{OPENGL_SUPERBIBLE,
	author 		= "R. Wright and N.Haemel",
	title 		= "OpenGL Superbible: Comprehensive Tutorial and Reference (7th Edition).",
	publisher   = "Addison-Wesley Professional",
	year		= 2015,
	isbn		= "978-0672337475"
}

@online{NV_Hardware,
	title		= "Specyfikacja procesorów graficznych NVIDIA",
	url			= "https://www.geforce.com/hardware"
}

@online{AMD_Hardware,
	title		= "Specyfikacja procesorów graficznych AMD",
	url			= "https://www.amd.com/en/RX-series"
}

@online{GPU_GEMS3_PCF,
	author		= "A. Lauritzen",
	title		= "Summed-Area Variance Shadow Maps.",
	url			= "https://developer.nvidia.com/gpugems/GPUGems3/gpugems3_ch08.html"
}

@online{GPU_GEMS3_MIRRORS,
	author		= "T. Umenhoffer and G. Patow and L. Szirmay-Kalos",
	title		= "Robust Multiple Specular Reflections and Refractions.",
	url			= "https://developer.nvidia.com/gpugems/GPUGems3/gpugems3_ch17.html"
}

@inproceedings{APPEL1968,
	author 		= "{A. Appel}",
	editor 		= { },
	title 		= "{Some techniques for shading machine renderings of solids}",
	booktitle 	= "{AFIPS Conference Proc}",
	year 		= {1968},
	url 		= {http://graphics.stanford.edu/courses/Appel.pdf}
}

@booklet{VINKLER_PHD,
	author	= "M. Vinkler",
	title	= "Construction of Acceleration Data Structures for Ray Tracing",
	year	= {2014},
	address = "Brno"
}

%% ============= STARA BIBLIOGRAFIA Z INŻYNIERKI =============



@article{HIGGS,
author = "{The ATLAS Collaboration}",
title = "{Observation of a New Particle in the Search for the Standard Model Higgs Boson with the ATLAS Detector at the LHC}",
journal = {Physics Letters B},
year = {716 (2012) 1-29},
}

@article{HIGGSCMS,
author = "{The ATLAS Collaboration}",
title = "Observation of a new boson at a mass of 125 {GeV} with the {CMS} experiment at the {LHC}",
journal = {Physics Letters B},
year = {716 (2012) 30},
}

@incollection{Kulka,
author = "Jan Kulka",
title = "Technical merit of {Large Hadron Collider}",
booktitle = "Postepy fizyki",
publisher = "Polskie Towarzystwo Fizyczne",
year = "2009",
volume = "60",
number = "3",
issn = "0032-5430"
pages = "109-118"
}

@online{LS2,
Oauthor = {•},
title = "{Long Shutdown I}",
year = {2015},
url = {timeline.web.cern.ch/timelines/Long-Shutdown-1},
}

@online{IBL,
author = "{Beniamino Di Girolamo, Marzio Nessi}",
title = "{ATLAS undergoes some delicate gymnastics}",
year = {2013},
url = {http://cerncourier.com/cws/article/cern/54676},
organization = {CERN},
date = {27},
month = {September},
}

@inproceedings{HI2011,
author = "{The ATLAS Collaboration}",
editor = { },
title = "{Performance of the ATLAS Minimum Bias and Forward Detector Triggers in 2011 Heavy Ion Run}",
booktitle = "{ATLAS Notes}",
year = {2012},
url = {cds.cern.ch/record/1473425/files/ATLAS-CONF-2012-122.pdf}
}

@inproceedings{pPb2013,
author = "{The ATLAS Collaboration}",
editor = { },
title = "{Performance of the ATLAS Minimum Bias and Forward Detector Triggers in p+Pb collisions}",
booktitle = "{ATLAS Notes}",
year = {2013},
url = {cds.cern.ch/record/1624013/files/ATLAS-CONF-2013-104.pdf}
}

@inproceedings{LUCID,
author = {V. Hedberg},
editor = { },
title = "{LUCID - The ATLAS Luminosity Monitor}",
booktitle = {LEADE meeting},
year = {2005},
url = {cern.ch/vhedberg/atlas/transp/lucid_leade.pdf}
}

@article{ATLAS+NOTE,
author = "{The ATLAS Collaboration}",
title = "{Performance of the ATLAS Trigger System in 2010}",
journal = {The European Physical Journal C},
year = {72 (2012) 1849},
}

@incollection{MONITORING,
author = "{Corso-Radu A. et al.}",
title = "{Data Quality Monitoring Framework for the ATLAS Experiment at the LHC}",
publisher = "{IEEE}",
volume = 55,
numer = 1,
year = 2008
}

@inproceedings{ONLINE_MONITORING,
author = "{Barczyk M. et al.}",
title = "{Online Monitoring software framework in the ATLAS experiment}",
year = {2003},
eventtitle = {Computing in High Energy and Nuclear Physics},
eventdate = {24-28 March 2003,},
url = {arxiv.org/pdf/hep-ex/0305096v2}
}

@Article{ROOT,
author = {Rene Brun and Fons Rademakers},
title = "{Root: An Object Oriented Data Analysis Framework}",
journal = {Nuclear Instruments and Methods in Physics Research Section A},
volume = 389,
pages = "81-86"
year = {1997}
}

@online{ROOTWEB,
Qauthor = {•},
Qtitle = {http://root.cern.ch/},
Qyear = {•},
url = {root.cern.ch},
}

@inproceedings{OFFLINE_MONITORING,
author = "{J. Adelman et al.}",
title = "{ATLAS Offline Data Quality Monitoring}",
booktitle = {17th International Conference on Computing in High Energy and Nuclear Physics},
year = {2010},
series = {219},
publisher = {Journal of Physics: Conference Series}
}

@inproceedings{DQ_INFRASTRUCTURE,
author = "{Frost J. et al.}",
title = "{Commissioning of ATLAS Data Quality Infrastructure with First Collision Data}",
booktitle = {17th International Conference on Computing in High Energy and Nuclear Physics},
year = {2011},
series = {331},
publisher = {Journal of Physics: Conference Series}
}


